@phdthesis{yun:thesis,
 address = {Atlanta, GA},
 author = {Insu Yun},
 month = {December},
 school = {{Georgia Institute of Technology}},
 title = {{Concolic Execution Tailored for Hybrid Fuzzing}},
 year = {2020}
}

