@string{POT       = {Proceedings of the}}

@string{CISC-S      = {Conference on Information Security and Cryptography Summer(CISC-S)}}

@Proceedings{CISC-S21,
  title       = POT # { } # CISC-S # { 2021},
  booktitle   = POT # { } # CISC-S # { 2021},
  month       = jun,
  year        = 2021,
}
