%% www-git    : code url
%% www-git    : proj webpage
%% award      : award

%% 2021
@InProceedings{jung:hexagon,
  title         = {{Analyzing Qualcomm Hexagon Emulators via Differential Testing}},
  author        = {Hyunsik Jung and Insu Yun and Yongdae Kim},
  crossref      = {CISC-S21},
}
