@string{POT       = {Proceedings of the}}

%% System
@string{OSDI      = {USENIX Symposium on Operating Systems Design and Implementation (OSDI)}}
@string{ATC       = {USENIX Annual Technical Conference (ATC)}}

%% Security
@string{SP        = {IEEE Symposium on Security and Privacy (Oakland)}}
@string{SEC       = {USENIX Security Symposium (Security)}}
@string{CCS       = {ACM Conference on Computer and Communications Security (CCS)}}
@string{BLACKHAT  = {Black Hat USA Briefings (Black Hat USA)}}
@string{WISA      = {International Workshop on Information Security Applications (WISA)}}
@string{NDSS      = {Annual Network and Distributed System Security Symposium (NDSS)}}
@string{RAID      = {International Symposium on Research in Attacks, Intrusions and Defenses (RAID)}}

@Proceedings{RAID22,
  title       = POT # { 2022 } # RAID,
  booktitle   = POT # { 2022 } # RAID,
  month       = oct,
  year        = 2022,
}

@Proceedings{SEC22,
  title       = POT # { 31th } # SEC,
  booktitle   = POT # { 31th } # SEC,
  month       = aug,
  year        = 2022,
  address     = {Boston, MA},
}

@Proceedings{CCS21,
  title        = POT # { 28th } # CCS,
  booktitle    = POT # { 28th } # CCS,
  month        = nov,
  year         = 2021,
  address      = {Seoul, South Korea},
}

@Proceedings{NDSS21,
  title       = POT # { 2021 } # NDSS,
  booktitle   = POT # { 2021 } # NDSS,
  month       = feb,
  year        = 2021,
}

@Proceedings{SEC21,
  title       = POT # { 30th } # SEC,
  booktitle   = POT # { 30th } # SEC,
  month       = aug,
  year        = 2021,
  address     = {Vancouver, B.C., Canada},
}

@Proceedings{SP20,
  title        = POT # { 41st } # SP,
  booktitle    = POT # { 41st } # SP,
  month        = may,
  year         = 2020,
  address      = {San Francisco, CA},
}

@Proceedings{SP23,
  title        = POT # { 44th } # SP,
  booktitle    = POT # { 44th } # SP,
  month        = may,
  year         = 2023,
  address      = {San Francisco, CA},
}

@Proceedings{SEC20,
  title       = POT # { 29th } # SEC,
  booktitle   = POT # { 29th } # SEC,
  month       = aug,
  year        = 2020,
  address     = {Boston, MA},
}

@Proceedings{OSDI18,
  title        = POT # { 13th } # OSDI,
  booktitle    = POT # { 13th } # OSDI,
  month        = oct,
  year         = 2018,
  address      = {Carlsbad, CA},
}

@Proceedings{SEC18,
  title       = POT # { 27th } # SEC,
  booktitle   = POT # { 27th } # SEC,
  month       = aug,
  year        = 2018,
  address     = {Baltimore, MD},
}

@Proceedings{BLACKHAT17,
  title        = BLACKHAT,
  booktitle    = BLACKHAT,
  month        = jul,
  year         = 2017,
  address      = {Las Vegas, NV},
}

@Proceedings{BLACKHAT20,
  title        = BLACKHAT,
  booktitle    = BLACKHAT,
  month        = aug,
  year         = 2020,
  address      = {Las Vegas, NV},
}

@Proceedings{ATC17,
  title        = POT # " 2017 " # ATC,
  booktitle    = POT # " 2017 " # ATC,
  month        = jul,
  year         = 2017,
  address      = {Santa Clara, CA},
}

@Proceedings{SEC16,
  title       = POT # { 25th } # SEC,
  booktitle   = POT # { 25th } # SEC,
  month       = aug,
  year        = 2016,
  address     = {Austin, TX},
}

@Proceedings{SP16,
  title        = POT # { 37th } # SP,
  booktitle    = POT # { 37th } # SP,
  month        = may,
  year         = 2016,
  address      = {San Jose, CA},
}

@Proceedings{WISA14,
  title         = POT # { 15th } # WISA,
  booktitle     = POT # { 15th } # WISA,
  month         = aug,
  year          = 2014,
  address       = {Jeju Island, Korea}
}

@Proceedings{CCS12,
  title        = POT # { 19th } # CCS,
  booktitle    = POT # { 19th } # CCS,
  month        = oct,
  year         = 2012,
  address      = {Raleigh, NC},
}
