@proceedings{jang:fuzzcoin,
 author = {Daehee Jang and Ammar Askar and Insu Yun and Stephen Tong and Yiqin Cai and Taesoo Kim},
 booktitle = {Proceedings of the 2022 International Symposium on Research in Attacks, Intrusions and Defenses (RAID)},
 month = {October},
 title = {{Fuzzing@Home: Distributed Fuzzing on Untrusted Heterogeneous Clients}},
 year = {2022}
}

