@proceedings{song:hdfi,
 address = {San Jose, CA},
 author = {Chengyu Song and Hyungon Moon and Monjur Alam and Insu Yun and Byoungyoung Lee and Taesoo Kim and Wenke Lee and Yunheung Paek},
 booktitle = {Proceedings of the 37th IEEE Symposium on Security and Privacy (Oakland)},
 month = {May},
 title = {{HDFI: Hardware-Assisted Data-Fow Isolation}},
 year = {2016}
}

