@article{han:sectrust,
 author = {Juhyeng Han and Insu Yun and Seongmin Kim and Taesoo Kim and Sooel Son and Dongsu Han},
 journal = {IEEE/ACM Transactions on Networking (ToN)},
 month = {October},
 title = {{Scalable and Secure Virtualization of HSM with ScaleTrust (to appear)}},
 year = {2022}
}

