@proceedings{wickman:ffmalloc,
 address = {Vancouver, B.C., Canada},
 author = {Brian Wickman and Hong Hu and Insu Yun and Daehee Jang and JungWon Lim and Sanidhya Kashyap and Taesoo Kim},
 booktitle = {Proceedings of the 30th USENIX Security Symposium (Security)},
 month = {August},
 title = {{Preventing Use-After-Free Attacks with Fast Forward Allocation}},
 year = {2021}
}

