@proceedings{han:cpmm,
 address = {Trondheim, Norway},
 author = {Sujin Han and Jinseo Kim and Sung-Ju Lee and Insu Yun},
 booktitle = {Proceedings of the ACM SIGSOFT International Symposium on Software Testing and Analysis (ISSTA) 2025},
 month = {June},
 title = {{Automated Attack Synthesis for Constant Product Market Makers (to appear)}},
 year = {2025}
}

