@proceedings{kim:kernelCTF,
 address = {Seoul, Korea},
 author = {Dongok Kim and Seunghyun Lee and Insu Yun},
 booktitle = {Proceedings of the 2023 Power of Community},
 month = {November},
 title = {{One shot, Triple kill: Pwning all three Google kernelCTF instances with a single 1-day Linux vulnerability}},
 year = {2023}
}

