@proceedings{park:rgfuzz,
 address = {San Francisco, CA},
 author = {Junyoung Park and Yunho Kim and Insu Yun},
 booktitle = {Proceedings of the 46th IEEE Symposium on Security and Privacy (Oakland)},
 month = {May},
 title = {{RGFuzz: Rule-Guided Fuzzer for WebAssembly Runtimes}},
 year = {2025}
}

