@proceedings{jung:avpass,
 address = {Las Vegas, NV},
 author = {Jinho Jung and Chanil Jeon and Max Wolotsky and Insu Yun and Taesoo Kim},
 booktitle = {Black Hat USA Briefings (Black Hat USA)},
 month = {July},
 title = {{AVPASS: Leaking and Bypassing Antivirus Detection Model Automatically}},
 year = {2017}
}

