@proceedings{jamshed:kargus,
 address = {Raleigh, NC},
 author = {Muhammad Jamshed and Jihyung Lee and Sangwoo Moon and Insu Yun and Deokjin Kim and Sungryoul Lee and Yung Yi and KyoungSoo Park},
 booktitle = {Proceedings of the 19th ACM Conference on Computer and Communications Security (CCS)},
 month = {October},
 title = {{Kargus: A Highly-scalable Software-based Intrusion Detection System}},
 year = {2012}
}

