@proceedings{yun:ksa,
 address = {Seattle, WA},
 author = {Taisic Yun and Suhwan Jeong and Yonghwa Lee and Seungjoo Kim and Hyoungshick Kim and Insu Yun and Yongdae Kim},
 booktitle = {Proceedings of the 34th USENIX Security Symposium (Security)},
 month = {August},
 title = {{Too Much of a Good Thing: (In-)Security of Mandatory Security Software for Financial Services in South Korea}},
 year = {2025}
}

