@proceedings{kim:basespec,
 author = {Eunsoo Kim and Dongkwan Kim and Cheoljun Park and Insu Yun and Yongdae Kim},
 booktitle = {Proceedings of the 2021 Annual Network and Distributed System Security Symposium (NDSS)},
 month = {February},
 title = {{BaseSpec: Comparative Analysis of Baseband Software and Cellular Specifications for L3 Protocols}},
 year = {2021}
}

