@proceedings{park:die,
 address = {San Francisco, CA},
 author = {Soyeon Park and Wen Xu and Insu Yun and Daehee Jang and Taesoo Kim},
 booktitle = {Proceedings of the 41st IEEE Symposium on Security and Privacy (Oakland)},
 month = {May},
 title = {{Fuzzing JavaScript Engines with Aspect-preserving Mutation}},
 year = {2020}
}

