@proceedings{yun:apisan,
 address = {Austin, TX},
 author = {Insu Yun and Changwoo Min and Xujie Si and Yeongjin Jang and Taesoo Kim and Mayur Naik},
 booktitle = {Proceedings of the 25th USENIX Security Symposium (Security)},
 month = {August},
 title = {{APISan: Sanitizing API Usages through Semantic Cross-checking}},
 year = {2016}
}

