@proceedings{cui:rept,
 address = {Carlsbad, CA},
 author = {Weidong Cui and Xinyang Ge and Baris Kasikci and Ben Niu and Upamanyu Sharma and Ruoyu Wang and Insu Yun},
 booktitle = {Proceedings of the 13th USENIX Symposium on Operating Systems Design and Implementation (OSDI)},
 month = {October},
 title = {{REPT: Reverse Debugging of Failures in Deployed Software}},
 year = {2018}
}

