@proceedings{yun:hardsheap,
 address = {Seoul, South Korea},
 author = {Insu Yun and Woosun Song and Seunggi Min and Taesoo Kim},
 booktitle = {Proceedings of the 28th ACM Conference on Computer and Communications Security (CCS)},
 month = {November},
 title = {{HardsHeap: A Universal and Extensible Framework for Evaluating Secure Allocators}},
 year = {2021}
}

