@proceedings{kim:cab-fuzz,
 address = {Santa Clara, CA},
 author = {Su Yong Kim and Sangho Lee and Insu Yun and Wen Xu and Byoungyoung Lee and Youngtae Yun and Taesoo Kim},
 booktitle = {Proceedings of the 2017 USENIX Annual Technical Conference (ATC)},
 month = {July},
 title = {{CAB-Fuzz: Practical Concolic Testing Techniques for COTS Operating Systems}},
 year = {2017}
}

