%% www-git    : code url
%% www-git    : proj webpage
%% award      : award

%% 2025
@InProceedings{park:fible,
  title         = {{Bridging the Gap between Real-World and Formal Binary Lifting through Filtered-Simulation (to appear)}},
  author        = {Jihee Park and Insu Yun and Sukyoung Ryu},
  crossref      = {OOPSLA25}
}

@InProceedings{park:rgfuzz,
 title         = {{RGFuzz: Rule-Guided Fuzzer for WebAssembly Runtimes (to appear)}},
 author        = {Junyoung Park and Yunho Kim and Insu Yun},
 crossref      = {SP25}
}

@InProceedings{lee:v8-ctf,
  title         = {{From the Vulnerability to the Victory: A Chrome Renderer 1-Day Exploitâ€™s Journey to v8CTF Glory}},
  author        = {Haein Lee and Insu Yun},
  crossref      = {TYPHOON24},
  www-git       = "https://github.com/kaist-hacking/CVE-2023-6702",
  attributes    = {nopub}
}

%% 2023
@InProceedings{kim:kernel-ctf,
 title = {{One shot, Triple kill: Pwning all three Google kernelCTF instances with a single 1-day Linux vulnerability}},
 author = {Dongok Kim and Seunghyun Lee and Insu Yun},
 crossref = {POC23},
 attributes = {nopub}
}

@InProceedings{kim:basecomp,
  title        = {{BaseComp: A Comparative Analysis for Integrity Protection in Cellular Baseband Software}},
  author       = {Eunsoo Kim* and Min Woo Baek* and CheolJun Park and Dongkwan Kim and Yongdae Kim and Insu Yun},
  crossref     = {SEC23},
}

@InProceedings{han:queryx,
  title 			 = {{QueryX: Symbolic Query on Decompiled Code for Finding Bugs in COTS Binaries}},
	author 			 = {HyungSeok Han and JeongOh Kyea and Yonghwi Jin and Jinoh Kang and Brian Park and Insu Yun},
	crossref		 = {SP23},
}

%% 2022
@Article{han:sectrust,
  title        = {{Scalable and Secure Virtualization of HSM with ScaleTrust}},
  author       = {Juhyeng Han and Insu Yun and Seongmin Kim and Taesoo Kim and Sooel Son and Dongsu Han},
  journal      = {IEEE/ACM Transactions on Networking (ToN)},
  year         = 2022,
  month        = nov
}

@InProceedings{jang:fuzzcoin,
  title         = {{Fuzzing@Home: Distributed Fuzzing on Untrusted Heterogeneous Clients}},
  author        = {Daehee Jang and Ammar Askar and Insu Yun and Stephen Tong and Yiqin Cai and Taesoo Kim},
  crossref      = {RAID22}
}

@InProceedings{park:doltest,
  title         = {{DoLTEst: In-depth Downlink Negative Testing Framework for LTE Devices}},
  author        = {CheolJun Park* and Sangwook Bae* and BeomSeok Oh and Jiho Lee and Eunkyu Lee and Insu Yun and Yongdae Kim},
  crossref      = {SEC22},
  www-git       = "https://github.com/SysSec-KAIST/DoLTEst"
}

%% 2021
@InProceedings{yun:hardsheap,
  title         = {{HardsHeap: A Universal and Extensible Framework for Evaluating Secure Allocators}},
  author        = {Insu Yun and Woosun Song and Seunggi Min and Taesoo Kim},
  crossref      = {CCS21},
  www-git      = "https://github.com/kaist-hacking/HardsHeap"
}

@InProceedings{jung:hexagon,
  title         = {{Analyzing Qualcomm Hexagon Emulators via Differential Testing}},
  author        = {Hyunsik Jung and Insu Yun and Yongdae Kim},
  crossref      = {CISC-S21},
  attributes    = {domestic}
}

@InProceedings{wickman:ffmalloc,
  title         = {{Preventing Use-After-Free Attacks with Fast Forward Allocation}},
  author        = {Brian Wickman and Hong Hu and Insu Yun and Daehee Jang and JungWon Lim and Sanidhya Kashyap and Taesoo Kim},
  crossref      = {SEC21},
  www-git       = "https://github.com/bwickman97/ffmalloc"
}

@InProceedings{kim:basespec,
  title         = {{BaseSpec: Comparative Analysis of Baseband Software and Cellular Specifications for L3 Protocols}},
  author        = {Eunsoo Kim* and Dongkwan Kim* and Cheoljun Park and Insu Yun and Yongdae Kim},
  crossref      = {NDSS21},
  www-git       = "https://github.com/SysSec-KAIST/BaseSpec",
}


%% 2020
@PhDThesis{yun:thesis,
  title        = {{Concolic Execution Tailored for Hybrid Fuzzing}},
  author       = {Insu Yun},
  school       = {{Georgia Institute of Technology}},
  year         = {2020},
  address      = {Atlanta, GA},
  month        = dec,
}

@InProceedings{yun:archeap,
  title         = {{Automatic Techniques to Systematically Discover New Heap Exploitation Primitives}},
  author        = {Insu Yun and Dhaval Kapil and Taesoo Kim},
  crossref      = {SEC20},
  www-git       = "https://github.com/sslab-gatech/archeap",
}

@InProceedings{jin:pwn2own2020-safari,
  title        = {{Compromising the macOS kernel through Safari by chaining six vulnerabilities}},
  author       = {Yonghwi Jin and Jungwon Lim and Insu Yun and Taesoo Kim},
  crossref     = {BLACKHAT20},
  www-git       = "https://github.com/sslab-gatech/pwn2own2020",
  attributes     = {nopub, asdf}
}

@InProceedings{park:die,
  title         = {{Fuzzing JavaScript Engines with Aspect-preserving Mutation}},
  author        = {Soyeon Park and Wen Xu and Insu Yun and Daehee Jang and Taesoo Kim},
  crossref      = {SP20},
  award         = "Nominated as a finalist in CSAW Best Applied Research Paper Award 2020"
}

@InProceedings{cui:rept,
  title         = {{REPT: Reverse Debugging of Failures in Deployed Software}},
  author        = {Weidong Cui and Xinyang Ge and Baris Kasikci and Ben Niu and Upamanyu Sharma and Ruoyu Wang and Insu Yun},
  crossref      = {OSDI18},
  award         = "Jay Lepreau Best Paper Award (3 out of 257 submissions)"
}

@InProceedings{yun:qsym,
  title         = {{QSYM: A Practical Concolic Execution Engine Tailored for Hybrid Fuzzing}},
  author        = {Insu Yun and Sangho Lee and Meng Xu and Yeongjin Jang and Taesoo Kim},
  crossref      = {SEC18},
  www-git       = "https://github.com/sslab-gatech/qsym",
  award         = "Distinguished Paper Award (5 out of 524 submissions)"

}

@InProceedings{jung:avpass,
  title        = {{AVPASS: Leaking and Bypassing Antivirus Detection Model Automatically}},
  author       = {Jinho Jung and Chanil Jeon and Max Wolotsky and Insu Yun and Taesoo Kim},
  crossref     = {BLACKHAT17},
  www-git      = "https://github.com/sslab-gatech/avpass",
  attributes     = {nopub}
}

@InProceedings{kim:cab-fuzz,
  title       = {{CAB-Fuzz: Practical Concolic Testing Techniques for COTS Operating Systems}},
  author      = {Su Yong Kim and Sangho Lee and Insu Yun and Wen Xu and Byoungyoung Lee and Youngtae Yun and Taesoo Kim},
  crossref    = {ATC17},
}

@InProceedings{yun:apisan,
  title         = {{APISan: Sanitizing API Usages through Semantic Cross-checking}},
  author        = {Insu Yun and Changwoo Min and Xujie Si and Yeongjin Jang and Taesoo Kim and Mayur Naik},
  crossref      = {SEC16},
  www-git       = "https://github.com/sslab-gatech/apisan",
  award         = "Nominated as a finalist in CSAW Best Applied Research Paper Award 2016"
}

@InProceedings{song:hdfi,
  title         = {{HDFI: Hardware-Assisted Data-Fow Isolation}},
  author        = {Chengyu Song and Hyungon Moon and Monjur Alam and Insu Yun and Byoungyoung Lee and Taesoo Kim and Wenke Lee and Yunheung Paek},
  crossref      = {SP16},
  www-git       = "https://github.com/sslab-gatech/hdfi",
}

@InProceedings{park:pki,
	title					= {{Analyzing Security of Korean USIM-based PKI Certificate Service}},
	author				= {Shinjo Park and Suwan Park and Insu Yun and Dongkwan Kim and Yongdae Kim},
  crossref      = {WISA14},
}

@InProceedings{jamshed:kargus,
  title         = {{Kargus: A Highly-scalable Software-based Intrusion Detection System}},
  author        = {Muhammad Jamshed and Jihyung Lee and Sangwoo Moon and Insu Yun and Deokjin Kim and Sungryoul Lee and Yung Yi and KyoungSoo Park},
  crossref      = {CCS12},
  www-url       = "https://shader.kaist.edu/kargus/",
}

