@proceedings{lee:v8-ctf,
 address = {Seoul, Korea},
 author = {Haein Lee and Insu Yun},
 booktitle = {TyphoonCon 2024},
 month = {May},
 title = {{From the Vulnerability to the Victory: A Chrome Renderer 1-Day Exploitâ€™s Journey to v8CTF Glory}},
 year = {2024}
}

