@proceedings{kim:crossx,
 address = {Taipei, Taiwan},
 author = {Dongok Kim and Juhyun Song and Insu Yun},
 booktitle = {Proceedings of the 32nd ACM Conference on Computer and Communications Security (CCS)},
 month = {October},
 title = {{CROSS-X: Generalized and Stable Cross-Cache Attack on the Linux Kernel (to appear)}},
 year = {2025}
}

