@proceedings{yun:archeap,
 address = {Boston, MA},
 author = {Insu Yun and Dhaval Kapil and Taesoo Kim},
 booktitle = {Proceedings of the 29th USENIX Security Symposium (Security)},
 month = {August},
 title = {{Automatic Techniques to Systematically Discover New Heap Exploitation Primitives}},
 year = {2020}
}

