@proceedings{kim:jenga,
 address = {Taipei, Taiwan},
 author = {Dong-uk Kim and JunYoung Park and Sanghak Oh and Hyoungshick Kim and Insu Yun},
 booktitle = {Proceedings of the 32nd ACM Conference on Computer and Communications Security (CCS)},
 month = {October},
 title = {{Windows plays Jenga: Uncovering Design Weaknesses in Windows File System Security (to appear)}},
 year = {2025}
}

