@proceedings{park:pki,
 address = {Jeju Island, Korea},
 author = {Shinjo Park and Suwan Park and Insu Yun and Dongkwan Kim and Yongdae Kim},
 booktitle = {Proceedings of the 15th International Workshop on Information Security Applications (WISA)},
 month = {August},
 title = {{Analyzing Security of Korean USIM-based PKI Certificate Service}},
 year = {2014}
}

