@proceedings{han:queryx,
 address = {San Francisco, CA},
 author = {HyungSeok Han and JeongOh Kyea and Yonghwi Jin and Jinoh Kang and Brian Park and Insu Yun},
 booktitle = {Proceedings of the 44th IEEE Symposium on Security and Privacy (Oakland)},
 month = {May},
 title = {{QueryX: Symbolic Query on Decompiled Code for Finding Bugs in COTS Binaries}},
 year = {2023}
}

