@proceedings{park:doltest,
 address = {Boston, MA},
 author = {CheolJun Park and Sangwook Bae and BeomSeok Oh and Jiho Lee and Eunkyu Lee and Insu Yun and Yongdae Kim},
 booktitle = {Proceedings of the 31th USENIX Security Symposium (Security)},
 month = {August},
 title = {{DoLTEst: In-depth Downlink Negative Testing Framework for LTE Devices (to appear)}},
 year = {2022}
}

