@proceedings{kim:kernel-ctf,
 address = {Seoul, Korea},
 author = {Dongok Kim and Seunghyun Lee and Insu Yun},
 booktitle = {POC 2023},
 month = {November},
 title = {{One shot, Triple kill: Pwning all three Google kernelCTF instances with a single 1-day Linux vulnerability}},
 year = {2023}
}

