@proceedings{yun:qsym,
 address = {Baltimore, MD},
 author = {Insu Yun and Sangho Lee and Meng Xu and Yeongjin Jang and Taesoo Kim},
 booktitle = {Proceedings of the 27th USENIX Security Symposium (Security)},
 month = {August},
 title = {{QSYM: A Practical Concolic Execution Engine Tailored for Hybrid Fuzzing}},
 year = {2018}
}

