@misc{kim:atlantis,
 archiveprefix = {arXiv},
 author = {Taesoo Kim and HyungSeok Han and Soyeon Park and Dae R. Jeong and Dohyeok Kim and Dongkwan Kim and Eunsoo Kim and Jiho Kim and Joshua Wang and Kangsu Kim and Sangwoo Ji and Woosun Song and Hanqing Zhao and Andrew Chin and Gyejin Lee and Kevin Stevens and Mansour Alharthi and Yizhuo Zhai and Cen Zhang and Joonun Jang and Yeongjin Jang and Ammar Askar and Dongju Kim and Fabian Fleischer and Jeongin Cho and Junsik Kim and Kyungjoon Ko and Insu Yun and Sangdon Park and Dowoo Baik and Haein Lee and Hyeon Heo and Minjae Gwon and Minjae Lee and Minwoo Baek and Seunggi Min and Wonyoung Kim and Yonghwi Jin and Younggi Park and Yunjae Choi and Jinho Jung and Gwanhyun Lee and Junyoung Jang and Kyuheon Kim and Yeonghyeon Cha and Youngjoon Kim},
 eprint = {2509.14589},
 month = {September},
 primaryclass = {cs.CR},
 title = {ATLANTIS: AI-driven Threat Localization, Analysis, and Triage Intelligence System},
 url = {https://arxiv.org/abs/2509.14589},
 year = {2025}
}

