@proceedings{jin:pwn2own2020-safari,
 address = {Las Vegas, NV},
 author = {Yonghwi Jin and Jungwon Lim and Insu Yun and Taesoo Kim},
 booktitle = {Black Hat USA Briefings (Black Hat USA)},
 month = {August},
 title = {{Compromising the macOS kernel through Safari by chaining six vulnerabilities}},
 year = {2020}
}

