@proceedings{kim:basecomp,
 address = {Anaheim, CA},
 author = {Eunsoo Kim and Min Woo Baek and CheolJun Park and Dongkwan Kim and Yongdae Kim and Insu Yun},
 booktitle = {Proceedings of the 32nd USENIX Security Symposium (Security)},
 month = {August},
 title = {{BaseComp: A Comparative Analysis for Integrity Protection in Cellular Baseband Software}},
 year = {2023}
}

