@proceedings{hoang:llfuzz,
 address = {Seattle, WA},
 author = {Tuan Dinh Hoang and Taekkyung Oh and CheolJun Park and Insu Yun and Yongdae Kim},
 booktitle = {Proceedings of the 34th USENIX Security Symposium (Security)},
 month = {August},
 title = {{LLFuzz: An Over-the-Air Dynamic Testing Framework for Cellular Baseband Lower Layers}},
 year = {2025}
}

