@proceedings{jung:hexagon,
 author = {Hyunsik Jung and Insu Yun and Yongdae Kim},
 booktitle = {Proceedings of the Conference on Information Security and Cryptography Summer(CISC-S) 2021},
 month = {June},
 title = {{Analyzing Qualcomm Hexagon Emulators via Differential Testing}},
 year = {2021}
}

