@proceedings{jeong:firmstate,
 address = {Arlington, VA},
 author = {Suhwan Jeong and Beomseok Oh and Kwangmin Kim and Insu Yun and Yongdae Kim and CheolJun Park},
 booktitle = {Proceedings of the 18th ACM Conference on Security and Privacy in Wireless and Mobile Networks (WiSec)},
 month = {June},
 title = {{FirmState: Bringing Cellular Protocol States to Shannon Baseband Emulation}},
 year = {2025}
}

