@proceedings{park:fible,
 address = {Singapore},
 author = {Jihee Park and Insu Yun and Sukyoung Ryu},
 booktitle = {Proceedings of the ACM SIGPLAN International Conference on Object-Oriented Programming, Systems, Languages, and Applications (OOPSLA) 2025},
 month = {October},
 title = {{Bridging the Gap between Real-World and Formal Binary Lifting through Filtered-Simulation (to appear)}},
 year = {2025}
}

