@proceedings{hoang:llfuzz,
 address = {Arlington, VA},
 author = {Tuan Dinh Hoang and Taekkyung Oh and CheolJun Park and Insu Yun and Yongdae Kim},
 booktitle = {Proceedings of the 18th ACM Conference on Security and Privacy in Wireless and Mobile Networks (WiSec)},
 month = {June},
 title = {{LLFuzz: An Over-the-Air Dynamic Testing Framework for Cellular Baseband Lower Layers (to appear)}},
 year = {2025}
}

